@inproceedings{zeng2015distant,
  title={Distant supervision for relation extraction via piecewise convolutional neural networks},
  author={Zeng, Daojian and Liu, Kang and Chen, Yubo and Zhao, Jun},
  booktitle={Proceedings of the 2015 conference on empirical methods in natural language processing},
  pages={1753--1762},
  year={2015}
}